<record><leader>00000cas a2200000 a 4500</leader><controlfield tag="001">18369792</controlfield><controlfield tag="008">880818d197u1976wvuwr ne      0    0eng d</controlfield><datafield ind1=" " ind2=" " tag="010"><subfield code="a">sn 88061199 </subfield></datafield><datafield ind1=" " ind2=" " tag="040"><subfield code="a">KNP</subfield><subfield code="b">eng</subfield><subfield code="c">KNP</subfield><subfield code="d">OCL</subfield><subfield code="d">OCLCQ</subfield></datafield><datafield ind1=" " ind2=" " tag="042"><subfield code="a">msc</subfield></datafield><datafield ind1="0" ind2=" " tag="130"><subfield code="a">Press-observer (Kenova, W. Va. : Kentucky ed.)</subfield></datafield><datafield ind1="1" ind2="4" tag="245"><subfield code="a">The press-observer.</subfield></datafield><datafield ind1=" " ind2=" " tag="250"><subfield code="a">Kentucky ed.</subfield></datafield><datafield ind1=" " ind2=" " tag="260"><subfield code="a">Kenova, W. Va. :</subfield><subfield code="b">Press-Observer</subfield></datafield><datafield ind1=" " ind2=" " tag="300"><subfield code="a">v. :</subfield><subfield code="b">ill.</subfield></datafield><datafield ind1=" " ind2=" " tag="310"><subfield code="a">Weekly</subfield></datafield><datafield ind1="0" ind2=" " tag="362"><subfield code="a">-v. 5, no. 5 (Oct. 28, 1976).</subfield></datafield><datafield ind1=" " ind2=" " tag="580"><subfield code="a">Issued also as West Virginia edition called: Press-observer.</subfield></datafield><datafield ind1=" " ind2=" " tag="588"><subfield code="a">Description based on: Vol. 3, no. 45 (July 31, 1975).</subfield></datafield><datafield ind1=" " ind2="4" tag="651"><subfield code="a">Kenova (W. Va.)</subfield><subfield code="v">Newspapers.</subfield></datafield><datafield ind1=" " ind2="4" tag="651"><subfield code="a">Boyd County (Ky.)</subfield><subfield code="v">Newspapers.</subfield></datafield><datafield ind1=" " ind2=" " tag="752"><subfield code="a">United States</subfield><subfield code="b">West Virginia</subfield><subfield code="c">Wayne</subfield><subfield code="d">Kenova.</subfield></datafield><datafield ind1="0" ind2=" " tag="775"><subfield code="t">Press-observer (Kenova, W. Va. : West Virginia ed.)</subfield><subfield code="w">(DLC)sn 86092389</subfield></datafield><datafield ind1="0" ind2="0" tag="780"><subfield code="t">Boyd County press observer</subfield><subfield code="w">(DLC)sn 88061198</subfield></datafield><datafield ind1="1" ind2=" " tag="029"><subfield code="a">AU@</subfield><subfield code="b">000020529745</subfield></datafield></record>